@inproceedings{ConferencePaperExampleTag,
 author = {Author1 and  Author2 and Author3},
 title = {Title of Conference Paper Goes Here},
 booktitle = {Proceeding of the Conference Name Goes Here},
 month = may,
 year = {2015}
} 

@article{JournalPaperExampleTag,
 author = {AuthorA and AuthorB and AuthorC},
 title = {Title of Journal Article Goes Here},
 journal = {ACM Transactions on X},
 issue_date = {September 1999},
 volume = {48},
 number = {9},
 month = sep,
 year = {1999},
 pages = {866--880}
} 

